@article{vahidinia2022,
  author = {Vahidinia, P. and Farahani, B. and Aliee, F. S.},
  title = {Mitigating Cold Start Problem in Serverless Computing: A Reinforcement Learning Approach},
  journal = {IEEE Internet of Things Journal},
  year = {2022},
  doi = {10.1109/JIOT.2022.3165127}
}

@misc{eisenbarth2010,
  author = {Eisenbarth, J.-P.},
  title = {Inserting code in this LaTeX document with indentation},
  howpublished = {Stack Overflow},
  year = {2010},
  month = {July},
  day = {3},
  url = {https://stackoverflow.com/questions/3175105/inserting-code-in-this-latex-document-with-indentation}
}

@misc{texexchange1,
  title = {Getting two pictures to appear on the same page},
  howpublished = {TeX Stack Exchange},
  url = {https://tex.stackexchange.com/questions/134162/getting-two-pictures-to-appear-on-the-same-page}
}

@misc{texexchange2,
  title = {LaTeX Listings package JSON formatting},
  howpublished = {TeX Stack Exchange},
  url = {https://tex.stackexchange.com/questions/560830/latex-listings-package-json-formatting}
}

@misc{venkatapathi2023,
  author = {Venkatapathi, V.},
  title = {B00936916\_VikramVenkatapathi\_A1\_Report.pdf},
  organization = {Dalhousie University},
  month = {Jan.},
  year = {2023},
  url = {https://git.cs.dal.ca/vikramv/csci5408_w23_b00936916_vikram_venkatapathi/-/blob/main/Assignment_1/B00936916_VikramVenkatapathi_A1_Report.pdf}
}

@misc{shanmuganathan2021,
  author = {Shanmuganathan, Vishakan},
  title = {OOAD-Project},
  howpublished = {GitHub},
  year = {2021},
  url = {https://github.com/svishakan/OOAD-Project}
}

@misc{awsbuckets,
  title = {AWS SDK for Java Developer Guide: Working with Amazon S3 Buckets},
  howpublished = {AWS Documentation},
  url = {https://docs.aws.amazon.com/sdk-for-java/latest/developer-guide/examples-s3-buckets.html}
}

@misc{awsobjects,
  title = {AWS SDK for Java Developer Guide: Working with Amazon S3 Objects},
  howpublished = {AWS Documentation},
  url = {https://docs.aws.amazon.com/sdk-for-java/latest/developer-guide/examples-s3-objects.html}
}

@misc{awscli,
  title = {AWS Command Line Interface User Guide: Configuration and Credential Files},
  howpublished = {AWS Documentation},
  url = {https://docs.aws.amazon.com/cli/latest/userguide/cli-configure-files.html}
}
